@book {ref1, 
			 author={auteur},
			 title={titre},
			 publisher={EYROLLES}, 
			 year={2008}
			}


@phdthesis {ref2, 
						title={Routage pour la gestion de l'énergie dans les réseaux de capteurs sans fil},
						author={Y.Yaser}, 
						school={Universite de Haute Alsace Faculté des Sciences et Techniques},
						year={2011}
						}